@book{roggemann1996imaging,
	title={Imaging through turbulence},
	author={Roggemann, Michael C and Welsh, Byron M and Hunt, Bobby R},
	year={1996},
	publisher={CRC press}
}

@incollection{alterman2014passive,
  title={Passive tomography of turbulence strength},
  author={Alterman, Marina and Schechner, Yoav Y and Vo, Minh and Narasimhan, 
  Srinivasa G},
  booktitle={Computer Vision--ECCV 2014},
  pages={47--60},
  year={2014},
  publisher={Springer}
}

@misc{campbell2008,
  title={Atmospheric Turbulence and it Influence on Adaptive Optics},
  author={Mike Campbell}, 
  howpublished= 
  {\url{http://www.roe.ac.uk/ifa/postgrad/pedagogy/2008_campbell.pdf}},
  note = {Accessed: 2016-09-04}
}

@article{rocca1974detection,
  title={Detection of atmospheric turbulent layers by spatiotemporal and 
  spatioangular correlation measurements of stellar-light scintillation},
  author={Rocca, A and Roddier, F and Vernin, J},
  journal={JOSA},
  volume={64},
  number={7},
  pages={1000--1004},
  year={1974},
  publisher={Optical Society of America}
}

@article{vernin1973experimental,
  title={Experimental determination of two-dimensional spatiotemporal power 
  spectra of stellar light scintillation Evidence for a multilayer structure of 
  the air turbulence in the upper troposphere},
  author={Vernin, J and Roddier, F},
  journal={JOSA},
  volume={63},
  number={3},
  pages={270--273},
  year={1973},
  publisher={Optical Society of America}
}

@phdthesis{prieur2014contribution,
  title={Contribution en Signal, Image et Instrumentation pour l'Astronomie},
  author={Prieur, Jean-Louis},
  year={2014},
  school={Universit{\'e} Paul Sabatier (Toulouse)}
}

@article{osborn1a2013stereo,
  title={Stereo SCIDAR: Profiling atmospheric optical turbulence with improved 
  altitude resolution},
  author={Osborn1a, J and Wilson, RW and Butterley, T and Avila, R and Dhillon, 
  VS and Morris, TJ and Shepherd, HW},
  year={2013}
}

@article{tokovinin2003restoration,
  title={Restoration of turbulence profile from scintillation indices},
  author={Tokovinin, A and Kornilov, V and Shatsky, N and Voziakova, O},
  journal={Monthly Notices of the Royal Astronomical Society},
  volume={343},
  number={3},
  pages={891--899},
  year={2003},
  publisher={Oxford University Press}
}

@article{osborn2010profiling,
  title={Profiling the surface layer of optical turbulence with SLODAR},
  author={Osborn, James and Wilson, Richard and Butterley, Timothy and 
  Shepherd, Harry and Sarazin, Marc},
  journal={Monthly Notices of the Royal Astronomical Society},
  volume={406},
  number={2},
  pages={1405--1408},
  year={2010},
  publisher={Oxford University Press}
}

@inproceedings{osborn2015characterising,
  title={Characterising atmospheric optical turbulence using stereo-SCIDAR},
  author={Osborn, James and Butterley, Tim and F{\"o}hring, Dora and Wilson, 
  Richard},
  booktitle={Journal of Physics: Conference Series},
  volume={595},
  number={1},
  pages={012022},
  year={2015},
  organization={IOP Publishing}
}

@inproceedings{tokovinin2007turbulence,
  title={Turbulence profiles from the scintillation of stars, planets, and 
  Moon},
  author={Tokovinin, Andrei},
  booktitle={Workshop on Astronomical Site Evaluation (Eds. I. 
  Cruz-Gonz{\'a}lez, J. Echevarr{\'\i}a \& D. Hiriart)},
  volume={31},
  pages={61--70},
  year={2007}
}

@article{mohr2009atmospheric,
	title={Atmospheric turbulence characterisation using scintillation detection and ranging},
	author={Mohr, Judy Lynette},
	year={2009},
	publisher={University of Canterbury. Department of Physics and Astronomy}
}

@article{prieurthese,
	title={Th{\`e}se d'habilitation {\`a} diriger des recherches Contribution en Signal, Image et Instrumentation pour l'Astronomie},
	author={Prieur, Jean-Louis}
}